<record><leader>00000cas a22000007a 4500</leader><controlfield tag="001">9327937</controlfield><controlfield tag="008">830319d19061909ohuwr ne      0    0eng d</controlfield><datafield ind1=" " ind2=" " tag="010"><subfield code="a">sn 83035011 </subfield></datafield><datafield ind1=" " ind2=" " tag="040"><subfield code="a">NPY</subfield><subfield code="b">eng</subfield><subfield code="c">NPY</subfield><subfield code="d">ONP</subfield><subfield code="d">OCLCQ</subfield></datafield><datafield ind1=" " ind2=" " tag="042"><subfield code="a">msc</subfield></datafield><datafield ind1="0" ind2="4" tag="245"><subfield code="a">The Saint Paris press.</subfield></datafield><datafield ind1="3" ind2="0" tag="246"><subfield code="a">St. Paris press</subfield></datafield><datafield ind1=" " ind2=" " tag="260"><subfield code="a">Saint Paris, Champaign County, Ohio :</subfield><subfield code="b">Brown &amp; Wiant</subfield></datafield><datafield ind1=" " ind2=" " tag="300"><subfield code="a">v.</subfield></datafield><datafield ind1=" " ind2=" " tag="310"><subfield code="a">Weekly</subfield></datafield><datafield ind1="1" ind2=" " tag="362"><subfield code="a">Began in 1906; ceased in 1909?</subfield></datafield><datafield ind1=" " ind2=" " tag="588"><subfield code="a">Description based on: Vol. 11, no. 17 (Jan. 2, 1908).</subfield></datafield><datafield ind1=" " ind2="4" tag="651"><subfield code="a">Saint Paris (Ohio)</subfield><subfield code="v">Newspapers.</subfield></datafield><datafield ind1=" " ind2="4" tag="651"><subfield code="a">Champaign County (Ohio)</subfield><subfield code="v">Newspapers.</subfield></datafield><datafield ind1=" " ind2=" " tag="752"><subfield code="a">United States</subfield><subfield code="b">Ohio</subfield><subfield code="c">Champaign</subfield><subfield code="d">Saint Paris.</subfield></datafield><datafield ind1="1" ind2=" " tag="029"><subfield code="a">AU@</subfield><subfield code="b">000025836807</subfield></datafield></record>